<record xmlns="http://www.loc.gov/MARC21/slim" xmlns:xsi="http://www.w3.org/2001/XMLSchema-instance" xsi:schemaLocation="http://www.loc.gov/MARC21/slim http://www.loc.gov/standards/marcxml/schema/MARC21slim.xsd"><leader>00853nz   2200217n  4500</leader><controlfield tag="001">oca01172835 </controlfield><controlfield tag="005">19840924120456.3</controlfield><controlfield tag="008">840921n| acannaab|          |a aaa ||| c</controlfield><datafield ind1=" " ind2=" " tag="010"><subfield code="a">n  84804676 </subfield></datafield><datafield ind1=" " ind2=" " tag="040"><subfield code="a">ICU</subfield><subfield code="c">ICU</subfield></datafield><datafield ind1="0" ind2=" " tag="100"><subfield code="a">Diocles,</subfield><subfield code="c">of Carystus.</subfield></datafield><datafield ind1="0" ind2=" " tag="400"><subfield code="a">Diokles,</subfield><subfield code="c">von Karystos</subfield></datafield><datafield ind1="0" ind2=" " tag="400"><subfield code="a">Diocles Carystius</subfield><subfield code="w">nnaa</subfield></datafield><datafield ind1="0" ind2=" " tag="400"><subfield code="a">Diocles,</subfield><subfield code="c">Carystius</subfield></datafield><datafield ind1="1" ind2=" " tag="400"><subfield code="a">Carystus, Diocles of</subfield></datafield><datafield ind1="1" ind2=" " tag="400"><subfield code="a">Carystius, Diocles</subfield></datafield><datafield ind1=" " ind2=" " tag="670"><subfield code="a">LCCN ac38-3662: Jaeger, W.W. Diokles von Karystos, 1938</subfield><subfield code="b">(hdg.: Diocles Carystius)</subfield></datafield><datafield ind1=" " ind2=" " tag="670"><subfield code="a">NUC</subfield><subfield code="b">(hdg.: Diocles Carystius; usage: Diocles Carystius [in Latin])</subfield></datafield><datafield ind1=" " ind2=" " tag="670"><subfield code="a">Ency. Brit. 15th ed.</subfield><subfield code="b">(Diocles (b. Carystus) Euboea, Greece; fl. 4th century BC)</subfield></datafield><datafield ind1=" " ind2=" " tag="670"><subfield code="a">Oxford classical dictionary, 1949</subfield><subfield code="b">(Diocles of Carystus; Contemporary of Aristotle; resident of Athens)</subfield></datafield><datafield ind1=" " ind2=" " tag="675"><subfield code="a">Collier's;</subfield><subfield code="a">Ency. Amer.</subfield></datafield></record>